<?xml version="1.0" encoding="UTF-8"?><collection xmlns="http://www.loc.gov/MARC21/slim"><record><leader>00383nam--2200133-i-4500</leader><controlfield tag="001">000010077</controlfield><controlfield tag="002">20161230</controlfield><controlfield tag="005">20161230201028</controlfield><controlfield tag="008">060222s1000------------r-----000-0-eng-d</controlfield><datafield ind1=" " ind2=" " tag="080"><subfield code="a">577.3:539.12.04(061.3)</subfield></datafield><datafield ind1=" " ind2=" " tag="245"><subfield code="a">Biological implications of the nuclear age. proceedings..</subfield></datafield><datafield ind1=" " ind2=" " tag="260"><subfield code="a">Oak Ridge,Tennesse,U.S.A.E.C.,1971. Ix + 341p</subfield></datafield><datafield ind1=" " ind2=" " tag="490"><subfield code="a">Aec Symposium Series</subfield></datafield><datafield ind1=" " ind2=" " tag="852"><subfield code="a">36429</subfield></datafield></record></collection>